
   <marc:record>
      <marc:leader>     cam a22        4500</marc:leader>
      <marc:controlfield tag="001">09594124X</marc:controlfield>
      <marc:controlfield tag="003">DE-576</marc:controlfield>
      <marc:controlfield tag="005">20201205171845.0</marc:controlfield>
      <marc:controlfield tag="007">tu</marc:controlfield>
      <marc:controlfield tag="008">011211s1998    xx |||||      00| ||eng c</marc:controlfield>
      <marc:datafield tag="020" ind1=" " ind2=" ">
         <marc:subfield code="a">027596373X</marc:subfield>
         <marc:subfield code="9">0-275-96373-X</marc:subfield>
      </marc:datafield>
      <marc:datafield tag="035" ind1=" " ind2=" ">
         <marc:subfield code="a">(DE-627)1621091163</marc:subfield>
      </marc:datafield>
      <marc:datafield tag="035" ind1=" " ind2=" ">
         <marc:subfield code="a">(DE-576)09594124X</marc:subfield>
      </marc:datafield>
      <marc:datafield tag="035" ind1=" " ind2=" ">
         <marc:subfield code="a">(DE-599)BSZ09594124X</marc:subfield>
      </marc:datafield>
      <marc:datafield tag="035" ind1=" " ind2=" ">
         <marc:subfield code="a">(OCoLC)39840883</marc:subfield>
      </marc:datafield>
      <marc:datafield tag="040" ind1=" " ind2=" ">
         <marc:subfield code="a">DE-576</marc:subfield>
         <marc:subfield code="b">ger</marc:subfield>
         <marc:subfield code="c">DE-576</marc:subfield>
         <marc:subfield code="e">rakwb</marc:subfield>
      </marc:datafield>
      <marc:datafield tag="041" ind1=" " ind2=" ">
         <marc:subfield code="a">eng</marc:subfield>
      </marc:datafield>
      <marc:datafield tag="082" ind1="0" ind2=" ">
         <marc:subfield code="a">791.08996073</marc:subfield>
      </marc:datafield>
      <marc:datafield tag="082" ind1="0" ind2=" ">
         <marc:subfield code="a">791/.08996073</marc:subfield>
      </marc:datafield>
      <marc:datafield tag="084" ind1=" " ind2=" ">
         <marc:subfield code="a">LR 54550</marc:subfield>
         <marc:subfield code="2">rvk</marc:subfield>
      </marc:datafield>
      <marc:datafield tag="084" ind1=" " ind2=" ">
         <marc:subfield code="a">AP 64983</marc:subfield>
         <marc:subfield code="2">rvk</marc:subfield>
         <marc:subfield code="0">(DE-625)rvk/7835:743</marc:subfield>
      </marc:datafield>
      <marc:datafield tag="084" ind1=" " ind2=" ">
         <marc:subfield code="a">AP 70050</marc:subfield>
         <marc:subfield code="2">rvk</marc:subfield>
         <marc:subfield code="0">(DE-625)rvk/7882:</marc:subfield>
      </marc:datafield>
      <marc:datafield tag="084" ind1=" " ind2=" ">
         <marc:subfield code="a">AP 83983</marc:subfield>
         <marc:subfield code="2">rvk</marc:subfield>
         <marc:subfield code="0">(DE-625)rvk/8027:743</marc:subfield>
      </marc:datafield>
      <marc:datafield tag="100" ind1="1" ind2=" ">
         <marc:subfield code="a">Gottschild, Brenda Dixon</marc:subfield>
         <marc:subfield code="0">(DE-627)1253886199</marc:subfield>
         <marc:subfield code="0">(DE-576)183886194</marc:subfield>
         <marc:subfield code="4">aut</marc:subfield>
      </marc:datafield>
      <marc:datafield tag="245" ind1="1" ind2="0">
         <marc:subfield code="a">Digging the Africanist presence in American performance</marc:subfield>
         <marc:subfield code="b">dance and other contexts</marc:subfield>
         <marc:subfield code="c">Brenda Dixon Gottschild</marc:subfield>
      </marc:datafield>
      <marc:datafield tag="264" ind1=" " ind2="1">
         <marc:subfield code="a">Westport, Conn. [u.a.]</marc:subfield>
         <marc:subfield code="b">Praeger</marc:subfield>
         <marc:subfield code="c">1998</marc:subfield>
      </marc:datafield>
      <marc:datafield tag="300" ind1=" " ind2=" ">
         <marc:subfield code="a">XVI, 189 S.</marc:subfield>
         <marc:subfield code="b">Ill.</marc:subfield>
      </marc:datafield>
      <marc:datafield tag="336" ind1=" " ind2=" ">
         <marc:subfield code="a">Text</marc:subfield>
         <marc:subfield code="b">txt</marc:subfield>
         <marc:subfield code="2">rdacontent</marc:subfield>
      </marc:datafield>
      <marc:datafield tag="337" ind1=" " ind2=" ">
         <marc:subfield code="a">ohne Hilfsmittel zu benutzen</marc:subfield>
         <marc:subfield code="b">n</marc:subfield>
         <marc:subfield code="2">rdamedia</marc:subfield>
      </marc:datafield>
      <marc:datafield tag="338" ind1=" " ind2=" ">
         <marc:subfield code="a">Band</marc:subfield>
         <marc:subfield code="b">nc</marc:subfield>
         <marc:subfield code="2">rdacarrier</marc:subfield>
      </marc:datafield>
      <marc:datafield tag="500" ind1=" " ind2=" ">
         <marc:subfield code="a">Bibliography: p171-178. - Includes index</marc:subfield>
      </marc:datafield>
      <marc:datafield tag="583" ind1="1" ind2=" ">
         <marc:subfield code="a">Archivierung/Langzeitarchivierung geplant</marc:subfield>
         <marc:subfield code="c">20200919</marc:subfield>
         <marc:subfield code="f">DE-640</marc:subfield>
         <marc:subfield code="z">1</marc:subfield>
         <marc:subfield code="2">pdager</marc:subfield>
      </marc:datafield>
      <marc:datafield tag="591" ind1=" " ind2=" ">
         <marc:subfield code="a">720 ff. (DDC): GBV/LOC; 5090 maschinell aus ähnlichen Titelaufnahmen ergänzt ; IMD-Felder und 1131 maschinell ergänzt (SWB)</marc:subfield>
      </marc:datafield>
      <marc:datafield tag="850" ind1=" " ind2=" ">
         <marc:subfield code="a">ab</marc:subfield>
      </marc:datafield>
      <marc:datafield tag="936" ind1="r" ind2="v">
         <marc:subfield code="a">LR 54550</marc:subfield>
         <marc:subfield code="b">Tanz, Tanzmusik</marc:subfield>
         <marc:subfield code="k">Musikwissenschaft</marc:subfield>
         <marc:subfield code="k">I. Musica theoretica</marc:subfield>
         <marc:subfield code="k">Sachteil: Musica theoretica (einschl. Realien mit geographischem Bezug)</marc:subfield>
         <marc:subfield code="k">Musikalische Gattungen, Formen, Termini</marc:subfield>
         <marc:subfield code="k">Einzelne Gattungen und Formen:</marc:subfield>
         <marc:subfield code="k">Gattungen und Formen T</marc:subfield>
         <marc:subfield code="k">Tanz, Tanzmusik</marc:subfield>
         <marc:subfield code="0">(DE-627)1271360063</marc:subfield>
         <marc:subfield code="0">(DE-576)201360063</marc:subfield>
      </marc:datafield>
      <marc:datafield tag="936" ind1="r" ind2="v">
         <marc:subfield code="a">AP 64983</marc:subfield>
         <marc:subfield code="b">USA</marc:subfield>
         <marc:subfield code="k">Allgemeines</marc:subfield>
         <marc:subfield code="k">Medien- und Kommunikationswissenschaften, Kommunikationsdesign</marc:subfield>
         <marc:subfield code="k">Theater</marc:subfield>
         <marc:subfield code="k">Biografie, Geschichte</marc:subfield>
         <marc:subfield code="k">Theater in einzelnen Ländern</marc:subfield>
         <marc:subfield code="k">Amerika, Indianische Welt</marc:subfield>
         <marc:subfield code="k">Nordamerika</marc:subfield>
         <marc:subfield code="k">USA</marc:subfield>
         <marc:subfield code="0">(DE-627)1271307472</marc:subfield>
         <marc:subfield code="0">(DE-625)rvk/7835:743</marc:subfield>
         <marc:subfield code="0">(DE-576)201307472</marc:subfield>
      </marc:datafield>
      <marc:datafield tag="936" ind1="r" ind2="v">
         <marc:subfield code="a">AP 70050</marc:subfield>
         <marc:subfield code="b">Modernes Theater (Theater aktuell)</marc:subfield>
         <marc:subfield code="k">Allgemeines</marc:subfield>
         <marc:subfield code="k">Medien- und Kommunikationswissenschaften, Kommunikationsdesign</marc:subfield>
         <marc:subfield code="k">Theater</marc:subfield>
         <marc:subfield code="k">Gattungen des Theaterspiels</marc:subfield>
         <marc:subfield code="k">Modernes Theater (Theater aktuell)</marc:subfield>
         <marc:subfield code="0">(DE-627)1270692070</marc:subfield>
         <marc:subfield code="0">(DE-625)rvk/7882:</marc:subfield>
         <marc:subfield code="0">(DE-576)200692070</marc:subfield>
      </marc:datafield>
      <marc:datafield tag="936" ind1="r" ind2="v">
         <marc:subfield code="a">AP 83983</marc:subfield>
         <marc:subfield code="b">USA</marc:subfield>
         <marc:subfield code="k">Allgemeines</marc:subfield>
         <marc:subfield code="k">Medien- und Kommunikationswissenschaften, Kommunikationsdesign</marc:subfield>
         <marc:subfield code="k">Tanz</marc:subfield>
         <marc:subfield code="k">Geschichte und Entwicklung</marc:subfield>
         <marc:subfield code="k">Tanzgeschichte einzelner Länder</marc:subfield>
         <marc:subfield code="k">Amerika, Indianische Welt</marc:subfield>
         <marc:subfield code="k">Nordamerika</marc:subfield>
         <marc:subfield code="k">USA</marc:subfield>
         <marc:subfield code="0">(DE-627)1273380525</marc:subfield>
         <marc:subfield code="0">(DE-625)rvk/8027:743</marc:subfield>
         <marc:subfield code="0">(DE-576)203380525</marc:subfield>
      </marc:datafield>
      <marc:datafield tag="951" ind1=" " ind2=" ">
         <marc:subfield code="a">BO</marc:subfield>
      </marc:datafield>
   </marc:record>