
   <marc:record>
      <marc:leader>     cam a22        4500</marc:leader>
      <marc:controlfield tag="001">309259789</marc:controlfield>
      <marc:controlfield tag="003">DE-576</marc:controlfield>
      <marc:controlfield tag="005">20201209173649.0</marc:controlfield>
      <marc:controlfield tag="007">tu</marc:controlfield>
      <marc:controlfield tag="008">090731s2007    xx |||||      00| ||eng c</marc:controlfield>
      <marc:datafield tag="020" ind1=" " ind2=" ">
         <marc:subfield code="a">9780822331230</marc:subfield>
         <marc:subfield code="9">978-0-8223-3123-0</marc:subfield>
      </marc:datafield>
      <marc:datafield tag="035" ind1=" " ind2=" ">
         <marc:subfield code="a">(DE-627)162095379X</marc:subfield>
      </marc:datafield>
      <marc:datafield tag="035" ind1=" " ind2=" ">
         <marc:subfield code="a">(DE-576)309259789</marc:subfield>
      </marc:datafield>
      <marc:datafield tag="035" ind1=" " ind2=" ">
         <marc:subfield code="a">(DE-599)BSZ309259789</marc:subfield>
      </marc:datafield>
      <marc:datafield tag="035" ind1=" " ind2=" ">
         <marc:subfield code="a">(OCoLC)633903914</marc:subfield>
      </marc:datafield>
      <marc:datafield tag="035" ind1=" " ind2=" ">
         <marc:subfield code="a">(OCoLC)633903914</marc:subfield>
      </marc:datafield>
      <marc:datafield tag="040" ind1=" " ind2=" ">
         <marc:subfield code="a">DE-576</marc:subfield>
         <marc:subfield code="b">ger</marc:subfield>
         <marc:subfield code="c">DE-576</marc:subfield>
         <marc:subfield code="e">rakwb</marc:subfield>
      </marc:datafield>
      <marc:datafield tag="041" ind1=" " ind2=" ">
         <marc:subfield code="a">eng</marc:subfield>
      </marc:datafield>
      <marc:datafield tag="084" ind1=" " ind2=" ">
         <marc:subfield code="a">HD 470</marc:subfield>
         <marc:subfield code="2">rvk</marc:subfield>
      </marc:datafield>
      <marc:datafield tag="084" ind1=" " ind2=" ">
         <marc:subfield code="a">AP 66300</marc:subfield>
         <marc:subfield code="2">rvk</marc:subfield>
         <marc:subfield code="0">(DE-625)rvk/7841:</marc:subfield>
      </marc:datafield>
      <marc:datafield tag="084" ind1=" " ind2=" ">
         <marc:subfield code="a">AP 64980</marc:subfield>
         <marc:subfield code="2">rvk</marc:subfield>
         <marc:subfield code="0">(DE-625)rvk/7835:740</marc:subfield>
      </marc:datafield>
      <marc:datafield tag="100" ind1="1" ind2=" ">
         <marc:subfield code="a">Taylor, Diana</marc:subfield>
         <marc:subfield code="4">aut</marc:subfield>
      </marc:datafield>
      <marc:datafield tag="245" ind1="1" ind2="4">
         <marc:subfield code="a">The archive and the repertoire</marc:subfield>
         <marc:subfield code="b">performing cultural memory in the amercias</marc:subfield>
         <marc:subfield code="c">Diana Taylor</marc:subfield>
      </marc:datafield>
      <marc:datafield tag="250" ind1=" " ind2=" ">
         <marc:subfield code="a">3. print.</marc:subfield>
      </marc:datafield>
      <marc:datafield tag="264" ind1=" " ind2="1">
         <marc:subfield code="a">Durham [u.a.]</marc:subfield>
         <marc:subfield code="b">Duke University Press</marc:subfield>
         <marc:subfield code="c">2007</marc:subfield>
      </marc:datafield>
      <marc:datafield tag="300" ind1=" " ind2=" ">
         <marc:subfield code="a">XX, 326 S.</marc:subfield>
         <marc:subfield code="b">Ill.</marc:subfield>
      </marc:datafield>
      <marc:datafield tag="336" ind1=" " ind2=" ">
         <marc:subfield code="a">Text</marc:subfield>
         <marc:subfield code="b">txt</marc:subfield>
         <marc:subfield code="2">rdacontent</marc:subfield>
      </marc:datafield>
      <marc:datafield tag="337" ind1=" " ind2=" ">
         <marc:subfield code="a">ohne Hilfsmittel zu benutzen</marc:subfield>
         <marc:subfield code="b">n</marc:subfield>
         <marc:subfield code="2">rdamedia</marc:subfield>
      </marc:datafield>
      <marc:datafield tag="338" ind1=" " ind2=" ">
         <marc:subfield code="a">Band</marc:subfield>
         <marc:subfield code="b">nc</marc:subfield>
         <marc:subfield code="2">rdacarrier</marc:subfield>
      </marc:datafield>
      <marc:datafield tag="591" ind1=" " ind2=" ">
         <marc:subfield code="a">HD 470:L1UB ; IMD-Felder und 1131 maschinell ergänzt (SWB)</marc:subfield>
      </marc:datafield>
      <marc:datafield tag="936" ind1="r" ind2="v">
         <marc:subfield code="a">HD 470</marc:subfield>
         <marc:subfield code="b">Allgemeines</marc:subfield>
         <marc:subfield code="k">Anglistik. Amerikanistik</marc:subfield>
         <marc:subfield code="k">Allgemeines und Englischunterricht</marc:subfield>
         <marc:subfield code="k">Landeskunde</marc:subfield>
         <marc:subfield code="k">Landeskundliche Geschichte (Geistesgeschichte, Religion, Erziehung, Wirtschaft, Politik, Soziales, Recht, Presse)</marc:subfield>
         <marc:subfield code="k">USA</marc:subfield>
         <marc:subfield code="k">Allgemeines</marc:subfield>
         <marc:subfield code="0">(DE-627)1270855522</marc:subfield>
         <marc:subfield code="0">(DE-576)200855522</marc:subfield>
      </marc:datafield>
      <marc:datafield tag="936" ind1="r" ind2="v">
         <marc:subfield code="a">AP 66300</marc:subfield>
         <marc:subfield code="b">Theorie</marc:subfield>
         <marc:subfield code="k">Allgemeines</marc:subfield>
         <marc:subfield code="k">Medien- und Kommunikationswissenschaften, Kommunikationsdesign</marc:subfield>
         <marc:subfield code="k">Theater</marc:subfield>
         <marc:subfield code="k">Theorie, Ästhetik, Methodik</marc:subfield>
         <marc:subfield code="k">Theorie</marc:subfield>
         <marc:subfield code="0">(DE-627)1270691694</marc:subfield>
         <marc:subfield code="0">(DE-625)rvk/7841:</marc:subfield>
         <marc:subfield code="0">(DE-576)200691694</marc:subfield>
      </marc:datafield>
      <marc:datafield tag="936" ind1="r" ind2="v">
         <marc:subfield code="a">AP 64980</marc:subfield>
         <marc:subfield code="b">Amerika, Indianische Welt</marc:subfield>
         <marc:subfield code="k">Allgemeines</marc:subfield>
         <marc:subfield code="k">Medien- und Kommunikationswissenschaften, Kommunikationsdesign</marc:subfield>
         <marc:subfield code="k">Theater</marc:subfield>
         <marc:subfield code="k">Biografie, Geschichte</marc:subfield>
         <marc:subfield code="k">Theater in einzelnen Ländern</marc:subfield>
         <marc:subfield code="k">Amerika, Indianische Welt</marc:subfield>
         <marc:subfield code="0">(DE-627)1273376609</marc:subfield>
         <marc:subfield code="0">(DE-625)rvk/7835:740</marc:subfield>
         <marc:subfield code="0">(DE-576)203376609</marc:subfield>
      </marc:datafield>
      <marc:datafield tag="951" ind1=" " ind2=" ">
         <marc:subfield code="a">BO</marc:subfield>
      </marc:datafield>
   </marc:record>