
   <marc:record>
      <marc:leader>     cam a22        4500</marc:leader>
      <marc:controlfield tag="001">476356768</marc:controlfield>
      <marc:controlfield tag="003">DE-576</marc:controlfield>
      <marc:controlfield tag="005">20201117175135.0</marc:controlfield>
      <marc:controlfield tag="007">tu</marc:controlfield>
      <marc:controlfield tag="008">160822s2016    be |||||      00| ||fre c</marc:controlfield>
      <marc:datafield tag="015" ind1=" " ind2=" ">
         <marc:subfield code="a">16,N14</marc:subfield>
         <marc:subfield code="2">dnb</marc:subfield>
      </marc:datafield>
      <marc:datafield tag="016" ind1="7" ind2=" ">
         <marc:subfield code="a">1095241842</marc:subfield>
         <marc:subfield code="2">DE-101</marc:subfield>
      </marc:datafield>
      <marc:datafield tag="020" ind1=" " ind2=" ">
         <marc:subfield code="a">9782875743329</marc:subfield>
         <marc:subfield code="9">978-2-87574-332-9</marc:subfield>
      </marc:datafield>
      <marc:datafield tag="020" ind1=" " ind2=" ">
         <marc:subfield code="a">2875743325</marc:subfield>
         <marc:subfield code="9">2-87574-332-5</marc:subfield>
      </marc:datafield>
      <marc:datafield tag="035" ind1=" " ind2=" ">
         <marc:subfield code="a">(DE-627)1620450216</marc:subfield>
      </marc:datafield>
      <marc:datafield tag="035" ind1=" " ind2=" ">
         <marc:subfield code="a">(DE-576)476356768</marc:subfield>
      </marc:datafield>
      <marc:datafield tag="035" ind1=" " ind2=" ">
         <marc:subfield code="a">(DE-599)BSZ476356768</marc:subfield>
      </marc:datafield>
      <marc:datafield tag="035" ind1=" " ind2=" ">
         <marc:subfield code="a">(OCoLC)958034884</marc:subfield>
      </marc:datafield>
      <marc:datafield tag="035" ind1=" " ind2=" ">
         <marc:subfield code="a">(DE-101)1095241842</marc:subfield>
      </marc:datafield>
      <marc:datafield tag="040" ind1=" " ind2=" ">
         <marc:subfield code="a">DE-576</marc:subfield>
         <marc:subfield code="b">ger</marc:subfield>
         <marc:subfield code="c">DE-576</marc:subfield>
         <marc:subfield code="e">rda</marc:subfield>
      </marc:datafield>
      <marc:datafield tag="041" ind1=" " ind2=" ">
         <marc:subfield code="a">fre</marc:subfield>
      </marc:datafield>
      <marc:datafield tag="044" ind1=" " ind2=" ">
         <marc:subfield code="c">XA-BE</marc:subfield>
      </marc:datafield>
      <marc:datafield tag="050" ind1=" " ind2="0">
         <marc:subfield code="a">GV1595</marc:subfield>
      </marc:datafield>
      <marc:datafield tag="082" ind1="0" ind2=" ">
         <marc:subfield code="a">792</marc:subfield>
         <marc:subfield code="2">23sdnb</marc:subfield>
      </marc:datafield>
      <marc:datafield tag="082" ind1="0" ind2="4">
         <marc:subfield code="a">792</marc:subfield>
         <marc:subfield code="q">DNB</marc:subfield>
      </marc:datafield>
      <marc:datafield tag="084" ind1=" " ind2=" ">
         <marc:subfield code="a">AP 84000</marc:subfield>
         <marc:subfield code="2">rvk</marc:subfield>
         <marc:subfield code="0">(DE-625)rvk/8029:</marc:subfield>
      </marc:datafield>
      <marc:datafield tag="100" ind1="1" ind2=" ">
         <marc:subfield code="a">Verlinden, Élodie</marc:subfield>
         <marc:subfield code="e">VerfasserIn</marc:subfield>
         <marc:subfield code="4">aut</marc:subfield>
      </marc:datafield>
      <marc:datafield tag="245" ind1="1" ind2="0">
         <marc:subfield code="a">Danse et spectacle vivant</marc:subfield>
         <marc:subfield code="b">réflexion critique sur la construction des savoirs</marc:subfield>
         <marc:subfield code="c">Élodie Verlinden</marc:subfield>
      </marc:datafield>
      <marc:datafield tag="264" ind1=" " ind2="1">
         <marc:subfield code="a">Bruxelles</marc:subfield>
         <marc:subfield code="a">Bern</marc:subfield>
         <marc:subfield code="a">Frankfurt am Main</marc:subfield>
         <marc:subfield code="b">P.I.E. Peter Lang</marc:subfield>
         <marc:subfield code="c">[2016]</marc:subfield>
      </marc:datafield>
      <marc:datafield tag="300" ind1=" " ind2=" ">
         <marc:subfield code="a">245 Seiten</marc:subfield>
         <marc:subfield code="b">Diagramme</marc:subfield>
         <marc:subfield code="c">22 cm</marc:subfield>
      </marc:datafield>
      <marc:datafield tag="336" ind1=" " ind2=" ">
         <marc:subfield code="a">Text</marc:subfield>
         <marc:subfield code="b">txt</marc:subfield>
         <marc:subfield code="2">rdacontent</marc:subfield>
      </marc:datafield>
      <marc:datafield tag="337" ind1=" " ind2=" ">
         <marc:subfield code="a">ohne Hilfsmittel zu benutzen</marc:subfield>
         <marc:subfield code="b">n</marc:subfield>
         <marc:subfield code="2">rdamedia</marc:subfield>
      </marc:datafield>
      <marc:datafield tag="338" ind1=" " ind2=" ">
         <marc:subfield code="a">Band</marc:subfield>
         <marc:subfield code="b">nc</marc:subfield>
         <marc:subfield code="2">rdacarrier</marc:subfield>
      </marc:datafield>
      <marc:datafield tag="490" ind1="1" ind2=" ">
         <marc:subfield code="a">Dramaturgies</marc:subfield>
         <marc:subfield code="v">Vol. 36</marc:subfield>
      </marc:datafield>
      <marc:datafield tag="500" ind1=" " ind2=" ">
         <marc:subfield code="a">Includes bibliographical references</marc:subfield>
      </marc:datafield>
      <marc:datafield tag="650" ind1=" " ind2="0">
         <marc:subfield code="a">Dance</marc:subfield>
         <marc:subfield code="x">Philosophy</marc:subfield>
      </marc:datafield>
      <marc:datafield tag="650" ind1=" " ind2="0">
         <marc:subfield code="a">Choreography</marc:subfield>
      </marc:datafield>
      <marc:datafield tag="650" ind1=" " ind2="0">
         <marc:subfield code="a">Performing arts</marc:subfield>
         <marc:subfield code="x">Philosophy</marc:subfield>
      </marc:datafield>
      <marc:datafield tag="650" ind1=" " ind2="0">
         <marc:subfield code="a">Dance</marc:subfield>
         <marc:subfield code="x">Psychological aspects</marc:subfield>
      </marc:datafield>
      <marc:datafield tag="650" ind1=" " ind2="0">
         <marc:subfield code="a">Art appreciation</marc:subfield>
      </marc:datafield>
      <marc:datafield tag="650" ind1=" " ind2="0">
         <marc:subfield code="a">Art appreciation</marc:subfield>
      </marc:datafield>
      <marc:datafield tag="650" ind1=" " ind2="0">
         <marc:subfield code="a">Choreography</marc:subfield>
      </marc:datafield>
      <marc:datafield tag="650" ind1=" " ind2="0">
         <marc:subfield code="a">Dance notation</marc:subfield>
      </marc:datafield>
      <marc:datafield tag="650" ind1=" " ind2="0">
         <marc:subfield code="a">Dance</marc:subfield>
         <marc:subfield code="x">Philosophy</marc:subfield>
      </marc:datafield>
      <marc:datafield tag="650" ind1=" " ind2="0">
         <marc:subfield code="a">Dance</marc:subfield>
         <marc:subfield code="x">Psychological aspects</marc:subfield>
      </marc:datafield>
      <marc:datafield tag="650" ind1=" " ind2="0">
         <marc:subfield code="a">Performing arts</marc:subfield>
         <marc:subfield code="x">Philosophy</marc:subfield>
      </marc:datafield>
      <marc:datafield tag="650" ind1=" " ind2="4">
         <marc:subfield code="a">Art appreciation</marc:subfield>
      </marc:datafield>
      <marc:datafield tag="650" ind1=" " ind2="4">
         <marc:subfield code="a">Art appreciation</marc:subfield>
      </marc:datafield>
      <marc:datafield tag="650" ind1=" " ind2="4">
         <marc:subfield code="a">Choreography</marc:subfield>
      </marc:datafield>
      <marc:datafield tag="650" ind1=" " ind2="4">
         <marc:subfield code="a">Choreography</marc:subfield>
      </marc:datafield>
      <marc:datafield tag="650" ind1=" " ind2="4">
         <marc:subfield code="a">Dance</marc:subfield>
         <marc:subfield code="x">Philosophy</marc:subfield>
      </marc:datafield>
      <marc:datafield tag="650" ind1=" " ind2="4">
         <marc:subfield code="a">Dance</marc:subfield>
         <marc:subfield code="x">Philosophy</marc:subfield>
      </marc:datafield>
      <marc:datafield tag="650" ind1=" " ind2="4">
         <marc:subfield code="a">Dance</marc:subfield>
         <marc:subfield code="x">Psychological aspects</marc:subfield>
      </marc:datafield>
      <marc:datafield tag="650" ind1=" " ind2="4">
         <marc:subfield code="a">Dance</marc:subfield>
         <marc:subfield code="x">Psychological aspects</marc:subfield>
      </marc:datafield>
      <marc:datafield tag="650" ind1=" " ind2="4">
         <marc:subfield code="a">Dance notation</marc:subfield>
      </marc:datafield>
      <marc:datafield tag="650" ind1=" " ind2="4">
         <marc:subfield code="a">Performing arts</marc:subfield>
         <marc:subfield code="x">Philosophy</marc:subfield>
      </marc:datafield>
      <marc:datafield tag="650" ind1=" " ind2="4">
         <marc:subfield code="a">Performing arts</marc:subfield>
         <marc:subfield code="x">Philosophy</marc:subfield>
      </marc:datafield>
      <marc:datafield tag="830" ind1=" " ind2="0">
         <marc:subfield code="a">Dramaturgies</marc:subfield>
         <marc:subfield code="v">Vol. 36</marc:subfield>
         <marc:subfield code="9">36</marc:subfield>
         <marc:subfield code="w">(DE-627)528305972</marc:subfield>
         <marc:subfield code="w">(DE-576)091862353</marc:subfield>
         <marc:subfield code="w">(DE-600)2285198-7</marc:subfield>
         <marc:subfield code="x">1376-3199</marc:subfield>
      </marc:datafield>
      <marc:datafield tag="856" ind1="4" ind2="2">
         <marc:subfield code="u">http://deposit.d-nb.de/cgi-bin/dokserv?id=8003a464b0cd4bd9b415bfb6c1442020&amp;prov=M&amp;dok_var=1&amp;dok_ext=htm</marc:subfield>
         <marc:subfield code="m">X: MVB</marc:subfield>
         <marc:subfield code="q">text/html</marc:subfield>
         <marc:subfield code="v">2016-04-06</marc:subfield>
         <marc:subfield code="x">Verlag</marc:subfield>
         <marc:subfield code="3">Inhaltstext</marc:subfield>
      </marc:datafield>
      <marc:datafield tag="856" ind1="4" ind2="2">
         <marc:subfield code="u">http://www.peterlang.com/exportdatas/exportfiles/onix/toc/9782875743329_toc.pdf</marc:subfield>
         <marc:subfield code="m">X: MVB</marc:subfield>
         <marc:subfield code="q">application/pdf</marc:subfield>
         <marc:subfield code="v">2016-04-06</marc:subfield>
         <marc:subfield code="x">Verlag</marc:subfield>
         <marc:subfield code="3">Inhaltsverzeichnis</marc:subfield>
      </marc:datafield>
      <marc:datafield tag="856" ind1="4" ind2="2">
         <marc:subfield code="u">http://www.peterlang.com/exportdatas/exportfiles/onix/intro/9782875743329_leseprobe01.pdf</marc:subfield>
         <marc:subfield code="m">X: MVB</marc:subfield>
         <marc:subfield code="q">application/pdf</marc:subfield>
         <marc:subfield code="v">2016-04-06</marc:subfield>
         <marc:subfield code="x">Verlag</marc:subfield>
         <marc:subfield code="3">Einführung/Vorwort</marc:subfield>
      </marc:datafield>
      <marc:datafield tag="856" ind1="4" ind2="2">
         <marc:subfield code="u">http://www.peterlang.com/?574332</marc:subfield>
         <marc:subfield code="v">2016-04-06</marc:subfield>
         <marc:subfield code="x">Verlag</marc:subfield>
      </marc:datafield>
      <marc:datafield tag="936" ind1="r" ind2="v">
         <marc:subfield code="a">AP 84000</marc:subfield>
         <marc:subfield code="b">Allgemeines</marc:subfield>
         <marc:subfield code="k">Allgemeines</marc:subfield>
         <marc:subfield code="k">Medien- und Kommunikationswissenschaften, Kommunikationsdesign</marc:subfield>
         <marc:subfield code="k">Tanz</marc:subfield>
         <marc:subfield code="k">Natur und Kultur des Tanzes, Forschung</marc:subfield>
         <marc:subfield code="k">Allgemeines</marc:subfield>
         <marc:subfield code="0">(DE-627)1270693360</marc:subfield>
         <marc:subfield code="0">(DE-625)rvk/8029:</marc:subfield>
         <marc:subfield code="0">(DE-576)200693360</marc:subfield>
      </marc:datafield>
      <marc:datafield tag="951" ind1=" " ind2=" ">
         <marc:subfield code="a">BO</marc:subfield>
      </marc:datafield>
   </marc:record>